<collection xmlns="http://www.loc.gov/MARC21/slim">
<record>
  <leader>01154nam0a22002411i 450 </leader>
  <controlfield tag="001">IT\ICCU\CNCE\076178</controlfield>
  <controlfield tag="005">20110808000000.0</controlfield>
  <datafield tag="012" ind1=" " ind2=" ">
    <subfield code="a">a,te ardu ,ozi tie- (C) 1548 (R)</subfield>
    <subfield code="2">fei</subfield>
  </datafield>
  <datafield tag="100" ind1=" " ind2=" ">
    <subfield code="a">20110808d1548        0itac0103    ba</subfield>
  </datafield>
  <datafield tag="101" ind1=" " ind2=" ">
    <subfield code="a">ITA</subfield>
  </datafield>
  <datafield tag="102" ind1=" " ind2=" ">
    <subfield code="a">IT</subfield>
  </datafield>
  <datafield tag="200" ind1="1" ind2=" ">
    <subfield code="a">℗Vn ℗nouo modo d&apos;insegnar a scriuere et formar lettere di piu sorti, che da altri non prima c&apos;hora usate, nouamente da frate Vespasiano minoritano trovato, e da lui pur hora dato in luce</subfield>
  </datafield>
  <datafield tag="210" ind1=" " ind2=" ">
    <subfield code="a">\Venezia</subfield>
    <subfield code="c">Curzio Troiano Navo&apos;!</subfield>
    <subfield code="e">In Vinegia</subfield>
    <subfield code="g">per Curtio Troiano d&apos;i Nauo&apos;</subfield>
    <subfield code="h">1548</subfield>
  </datafield>
  <datafield tag="215" ind1=" " ind2=" ">
    <subfield code="a">\4!, 44 c.</subfield>
    <subfield code="c">ill.</subfield>
    <subfield code="d">4ʻ obl</subfield>
  </datafield>
  <datafield tag="620" ind1=" " ind2=" ">
    <subfield code="a">IT</subfield>
    <subfield code="d">Venezia</subfield>
  </datafield>
  <datafield tag="700" ind1=" " ind2="1">
    <subfield code="a">Amphiareo,</subfield>
    <subfield code="b">Vespasiano</subfield>
    <subfield code="3">IT\ICCU\CNCA\000681</subfield>
  </datafield>
  <datafield tag="712" ind1="0" ind2="0">
    <subfield code="a">Nav,̣ Curzio Troiano</subfield>
    <subfield code="3">IT\ICCU\CNCT\000030</subfield>
    <subfield code="4">650</subfield>
  </datafield>
  <datafield tag="790" ind1=" " ind2="1">
    <subfield code="a">Albertacci,</subfield>
    <subfield code="b">Alfonso</subfield>
    <subfield code="3">IT\ICCU\CNCA\007555</subfield>
    <subfield code="z">Amphiareo, Vespasiano</subfield>
  </datafield>
  <datafield tag="790" ind1=" " ind2="1">
    <subfield code="a">Amfiareo,</subfield>
    <subfield code="b">Vespasiano</subfield>
    <subfield code="3">IT\ICCU\CNCA\012506</subfield>
    <subfield code="z">Amphiareo, Vespasiano</subfield>
  </datafield>
  <datafield tag="790" ind1=" " ind2="1">
    <subfield code="a">Vespasiano,</subfield>
    <subfield code="b">Amphiareo</subfield>
    <subfield code="3">IT\ICCU\CNCA\015023</subfield>
    <subfield code="z">Amphiareo, Vespasiano</subfield>
  </datafield>
  <datafield tag="791" ind1="0" ind2="2">
    <subfield code="a">Curtius Troianus</subfield>
    <subfield code="3">IT\ICCU\CNCT\002413</subfield>
    <subfield code="z">Nav,̣ Curzio Troiano</subfield>
  </datafield>
  <datafield tag="801" ind1=" " ind2="3">
    <subfield code="a">IT</subfield>
    <subfield code="b">ICCU</subfield>
    <subfield code="c">20201115</subfield>
  </datafield>
  <datafield tag="899" ind1=" " ind2=" ">
    <subfield code="a">Biblioteca nazionale Braidense. Milano</subfield>
    <subfield code="1">MI0185</subfield>
    <subfield code="2">MIL NB</subfield>
  </datafield>
</record>
</collection>
